<record xmlns="http://www.loc.gov/MARC21/slim">
   <leader>01427cam a2200385 a 4500</leader>
   <controlfield tag="001">6815393</controlfield>
   <controlfield tag="003">OCoLC</controlfield>
   <controlfield tag="005">20150210134101.0</controlfield>
   <controlfield tag="008">141229s2015    enka     b    000 0 eng d</controlfield>
   <datafield ind1=" " ind2=" " tag="020">
      <subfield code="a">0571282806</subfield>
      <subfield code="q">cloth</subfield>
   </datafield>
   <datafield ind1=" " ind2=" " tag="020">
      <subfield code="a">9780571282807</subfield>
      <subfield code="q">cloth</subfield>
   </datafield>
   <datafield ind1=" " ind2=" " tag="020">
      <subfield code="a">030796163X</subfield>
      <subfield code="q">Cloth</subfield>
   </datafield>
   <datafield ind1=" " ind2=" " tag="020">
      <subfield code="a">9780307961631</subfield>
      <subfield code="q">Cloth</subfield>
   </datafield>
   <datafield ind1=" " ind2=" " tag="035">
      <subfield code="a">ocn904442474</subfield>
   </datafield>
   <datafield ind1=" " ind2=" " tag="040">
      <subfield code="a">CDX</subfield>
      <subfield code="b">eng</subfield>
      <subfield code="c">CDX</subfield>
      <subfield code="d">OCLCQ</subfield>
      <subfield code="d">AZD</subfield>
      <subfield code="d">OCLCO</subfield>
      <subfield code="d">UAB</subfield>
      <subfield code="d">AEU</subfield>
      <subfield code="d">ACHCU</subfield>
   </datafield>
   <datafield ind1="0" ind2=" " tag="041">
      <subfield code="a">eng</subfield>
      <subfield code="a">ger</subfield>
   </datafield>
   <datafield ind1=" " ind2="4" tag="050">
      <subfield code="a">ML410.S3</subfield>
      <subfield code="b">B65 2015</subfield>
   </datafield>
   <datafield ind1="0" ind2="4" tag="082">
      <subfield code="a">780.92</subfield>
      <subfield code="2">23</subfield>
   </datafield>
   <datafield ind1=" " ind2=" " tag="090">
      <subfield code="a">ML 410 S3 B65 2015</subfield>
      <subfield code="b">ACHCU</subfield>
   </datafield>
   <datafield ind1=" " ind2=" " tag="090">
      <subfield code="a">ML 410 S3 B65 2015</subfield>
      <subfield code="b">AEU</subfield>
   </datafield>
   <datafield ind1="1" ind2=" " tag="100">
      <subfield code="a">Bostridge, Ian.</subfield>
   </datafield>
   <datafield ind1="1" ind2="0" tag="245">
      <subfield code="a">Schubert's Winter journey :</subfield>
      <subfield code="b">anatomy of an obsession /</subfield>
      <subfield code="c">Ian Bostridge.</subfield>
   </datafield>
   <datafield ind1=" " ind2=" " tag="260">
      <subfield code="a">London :</subfield>
      <subfield code="b">Faber and Faber,</subfield>
      <subfield code="c">2015.</subfield>
   </datafield>
   <datafield ind1=" " ind2=" " tag="300">
      <subfield code="a">xxi, 502 pages :</subfield>
      <subfield code="b">color illustrations ;</subfield>
      <subfield code="c">19 cm</subfield>
   </datafield>
   <datafield ind1=" " ind2=" " tag="336">
      <subfield code="a">text</subfield>
      <subfield code="b">txt</subfield>
      <subfield code="2">rdacontent</subfield>
   </datafield>
   <datafield ind1=" " ind2=" " tag="336">
      <subfield code="a">still image</subfield>
      <subfield code="b">sti</subfield>
      <subfield code="2">rdacontent</subfield>
   </datafield>
   <datafield ind1=" " ind2=" " tag="337">
      <subfield code="a">unmediated</subfield>
      <subfield code="b">n</subfield>
      <subfield code="2">rdamedia</subfield>
   </datafield>
   <datafield ind1=" " ind2=" " tag="338">
      <subfield code="a">volume</subfield>
      <subfield code="b">nc</subfield>
      <subfield code="2">rdacarrier</subfield>
   </datafield>
   <datafield ind1=" " ind2=" " tag="504">
      <subfield code="a">Includes bibliographical references.</subfield>
   </datafield>
   <datafield ind1=" " ind2=" " tag="546">
      <subfield code="a">Parts of text in both English and German.</subfield>
   </datafield>
   <datafield ind1=" " ind2=" " tag="596">
      <subfield code="a">23 43</subfield>
   </datafield>
   <datafield ind1="1" ind2="0" tag="600">
      <subfield code="a">Schubert, Franz,</subfield>
      <subfield code="d">1797-1828.</subfield>
      <subfield code="t">Winterreise.</subfield>
   </datafield>
   <datafield ind1=" " ind2=" " tag="949">
      <subfield code="a">ML 410 S3 B65 2015</subfield>
      <subfield code="h">UAHS-MU-B</subfield>
      <subfield code="i">0162035247962</subfield>
   </datafield>
   <datafield ind1=" " ind2=" " tag="926">
      <subfield code="a">ML 410 S3 B65 2015</subfield>
      <subfield code="w">LC</subfield>
      <subfield code="c">1</subfield>
      <subfield code="i">0162035247962</subfield>
      <subfield code="d">12/22/2016</subfield>
      <subfield code="e">10/3/2016</subfield>
      <subfield code="l">MUSIC</subfield>
      <subfield code="m">UAHSS</subfield>
      <subfield code="n">9</subfield>
      <subfield code="p">$150.00</subfield>
      <subfield code="r">Y</subfield>
      <subfield code="s">Y</subfield>
      <subfield code="t">BOOK</subfield>
      <subfield code="u">3/4/2015</subfield>
   </datafield>
   <datafield ind1=" " ind2=" " tag="926">
      <subfield code="a">ML 410 S3 B65 2015</subfield>
      <subfield code="w">LC</subfield>
      <subfield code="c">1</subfield>
      <subfield code="i">32860001078517</subfield>
      <subfield code="l">ON_SHELF</subfield>
      <subfield code="m">BURMAN</subfield>
      <subfield code="r">Y</subfield>
      <subfield code="s">Y</subfield>
      <subfield code="t">BOOK</subfield>
      <subfield code="u">11/10/2015</subfield>
   </datafield>
</record>
